%% Created for Prasanta Ghosh on -01-20


@article{Davis80-COP,
	Author = {Steven B. Davis and Paul Mermelstein},
	Journal = {IEEE Transactions on Acoustics, Speech and Signal Processing},
	Number = {4},
	Pages = {357--366},
	Title = {Comparison of Parametric Representation for Monosyllabic Word Recognition in Continuously Spoken Sentences},
	Volume = {28},
  Month = aug,
	Year = {1980}}

@article{Rabiner89-ATO,
	Author = {Lawrence R. Rabiner},
	Journal = {Proceedings of the IEEE},
	Number = {2},
	Pages = {257--286},
	Title = {A Tutorial on Hidden {Markov} Models and Selected Applications in Speech Recognition},
	Volume = {77},
  Month = feb,
	Year = {1989}}

@book{Hastie09-TEO,
	Address = {New York},
	Author = {Trevor Hastie and Robert Tibshirani and Jerome Friedman},
	Publisher = {Springer},
	Title = {The Elements of Statistical Learning -- Data Mining, Inference, and Prediction},
	Year = {2009}}

@inproceedings{YourName21-XXX,
	Author = {Firstname1 Lastname1 and Firstname2 Lastname2 and Firstname3 Lastname3},
	Crossref = {INTERSPEECH21},
	Pages = {100--104},
	Title = {Title of your {INTERSPEECH} 2021 publication}}

@proceedings{INTERSPEECH21,
	Booktitle = {Proceedings {INTERSPEECH} 2021 -- 22\textsuperscript{th} Annual Conference of the International Speech Communication Association},
	Date-Modified = {2021-01-22},
	Key = {INTERSPEECH},
	Title = {Proceedings {INTERSPEECH} 2021 -- 22\textsuperscript{th} Annual Conference of the International Speech Communication Association},
  Address = {{Brno, Czech Republic}},
  Month = {{Aug./Sep.}},
	Year = {2021}}



@misc{hu2019opendomaintargetedsentimentanalysis,
      title={Open-Domain Targeted Sentiment Analysis via Span-Based Extraction and Classification}, 
      author={Minghao Hu and Yuxing Peng and Zhen Huang and Dongsheng Li and Yiwei Lv},
      year={2019},
      eprint={1906.03820},
      archivePrefix={arXiv},
      primaryClass={cs.CL},
      url={https://arxiv.org/abs/1906.03820}, 
}

@misc{li2019unifiedmodelopiniontarget,
      title={A Unified Model for Opinion Target Extraction and Target Sentiment Prediction}, 
      author={Xin Li and Lidong Bing and Piji Li and Wai Lam},
      year={2019},
      eprint={1811.05082},
      archivePrefix={arXiv},
      primaryClass={cs.CL},
      url={https://arxiv.org/abs/1811.05082}, 
}